00576cas a22002291a 4500
001 9917737613502836
003 Nz
005 20161223172953.0
008 031223d19841985nz  r ne      0   0 eng d
035    $a (Nz)8142277
035    $a (OCoLC)947774065
035    $a (NLNZils)1773761
035    $a (NLNZils)1773761-ilsdb
040    $a WN $c WN
042    $a nznb
043    $a u-nz---
245 00 $a Glenview gazette.
260    $a Hamilton [N.Z.]
310    $a Monthly
362 0  $a 1984 Dec.-1985 Aug.?
651  0 $a Hamilton (N.Z.) $v Newspapers.
655  7 $a New Zealand newspapers. $2 local $5 Nz
